% This file was created with JabRef 2.3.1.
% Encoding: Cp1250

@article{estivill2002so,
  title={Why so many clustering algorithms: a position paper},
  author={Estivill-Castro, Vladimir},
  journal={ACM SIGKDD explorations newsletter},
  volume={4},
  number={1},
  pages={65--75},
  year={2002},
  publisher={ACM New York, NY, USA}
}

@inproceedings{agarwal2013data,
  title={Data mining: Data mining concepts and techniques},
  author={Agarwal, Shivam},
  booktitle={2013 international conference on machine intelligence and research advancement},
  pages={203--207},
  year={2013},
  organization={IEEE}
}

@inproceedings{lin2013selecting,
  title={Selecting semantically-resonant colors for data visualization},
  author={Lin, Sharon and Fortuna, Julie and Kulkarni, Chinmay and Stone, Maureen and Heer, Jeffrey},
  booktitle={Computer Graphics Forum},
  volume={32},
  number={3pt4},
  pages={401--410},
  year={2013},
  organization={Wiley Online Library}
}

@article{li2018data,
  title={Data visualization as creative art practice},
  author={Li, Qi},
  journal={Visual Communication},
  volume={17},
  number={3},
  pages={299--312},
  year={2018},
  publisher={SAGE Publications Sage UK: London, England}
}

@inproceedings{dove2013using,
  title={Using data visualization in creativity workshops: a new tool in the designer's kit},
  author={Dove, Graham and Jones, Sara and Dykes, Jason and Brown, Amanda and Duffy, Alison},
  booktitle={Proceedings of the 9th ACM Conference on Creativity \& Cognition},
  pages={304--307},
  year={2013}
}

@article{weissgerber2016static,
  title={From static to interactive: transforming data visualization to improve transparency},
  author={Weissgerber, Tracey L and Garovic, Vesna D and Savic, Marko and Winham, Stacey J and Milic, Natasa M},
  journal={PLoS biology},
  volume={14},
  number={6},
  pages={e1002484},
  year={2016},
  publisher={Public Library of Science San Francisco, CA USA}
}

@article{aung2019leveraging,
  title={Leveraging data visualization to improve the use of data for global health decision-making},
  author={Aung, Tricia and Niyeha, Debora and Heidkamp, Rebecca},
  journal={Journal of global health},
  volume={9},
  number={2},
  year={2019},
  publisher={International Society for Global Health}
}

@article{park2022impact,
  title={Impact of data visualization on decision-making and its implications for public health practice: a systematic literature review},
  author={Park, Seungeun and Bekemeier, Betty and Flaxman, Abraham and Schultz, Melinda},
  journal={Informatics for Health and Social Care},
  volume={47},
  number={2},
  pages={175--193},
  year={2022},
  publisher={Taylor \& Francis}
}

@article{alharthi2017data,
  title={Data visualization to explore improving decision-making within Hajj services},
  author={Alharthi, Nemshan and Gutub, Adnan and others},
  journal={Scientific Modelling and Research},
  volume={2},
  number={1},
  pages={9--18},
  year={2017},
  publisher={Online Science Publishing}
}

@article{wong2011color,
  title={Color blindness},
  author={Wong, Bang},
  journal={nature methods},
  volume={8},
  number={6},
  pages={441},
  year={2011},
  publisher={Nature Publishing Group}
}

@article{szafir2018good,
  title={The good, the bad, and the biased: Five ways visualizations can mislead (and how to fix them)},
  author={Szafir, Danielle Albers},
  journal={interactions},
  volume={25},
  number={4},
  pages={26--33},
  year={2018},
  publisher={ACM New York, NY, USA}
}

@inproceedings{healey1996choosing,
  title={Choosing effective colours for data visualization},
  author={Healey, Christopher G},
  booktitle={Proceedings of Seventh Annual IEEE Visualization'96},
  pages={263--270},
  year={1996},
  organization={IEEE}
}

@book{wyszecki2000color,
  title={Color science: concepts and methods, quantitative data and formulae},
  author={Wyszecki, G{\"u}nther and Stiles, Walter Stanley},
  volume={40},
  year={2000},
  publisher={John Wiley \& Sons}
}

@article{feng2019big,
  title={Big data analytics and mining for effective visualization and trends forecasting of crime data},
  author={Feng, Mingchen and Zheng, Jiangbin and Ren, Jinchang and Hussain, Amir and Li, Xiuxiu and Xi, Yue and Liu, Qiaoyuan},
  journal={IEEE Access},
  volume={7},
  pages={106111--106123},
  year={2019},
  publisher={IEEE}
}

@article{singh2019anti,
  title={Anti-money laundering: Using data visualization to identify suspicious activity},
  author={Singh, Kishore and Best, Peter},
  journal={International Journal of Accounting Information Systems},
  volume={34},
  pages={100418},
  year={2019},
  publisher={Elsevier}
}

@article{shiravi2011survey,
  title={A survey of visualization systems for network security},
  author={Shiravi, Hadi and Shiravi, Ali and Ghorbani, Ali A},
  journal={IEEE Transactions on visualization and computer graphics},
  volume={18},
  number={8},
  pages={1313--1329},
  year={2011},
  publisher={IEEE}
}

@article{phipps1971dendrogram,
  title={Dendrogram topology},
  author={Phipps, JB},
  journal={Systematic zoology},
  volume={20},
  number={3},
  pages={306--308},
  year={1971},
  publisher={Society of Systematic Zoology}
}

@article{rosolowsky2008structural,
  title={Structural analysis of molecular clouds: dendrograms},
  author={Rosolowsky, EW and Pineda, JE and Kauffmann, J and Goodman, AA},
  journal={The Astrophysical Journal},
  volume={679},
  number={2},
  pages={1338},
  year={2008},
  publisher={IOP Publishing}
}

@article{lee2012persistent,
  title={Persistent brain network homology from the perspective of dendrogram},
  author={Lee, Hyekyoung and Kang, Hyejin and Chung, Moo K and Kim, Bung-Nyun and Lee, Dong Soo},
  journal={IEEE transactions on medical imaging},
  volume={31},
  number={12},
  pages={2267--2277},
  year={2012},
  publisher={IEEE}
}

@article{calinski2014dendrogram,
  title={Dendrogram},
  author={Cali{\'N}ski, Tadeusz},
  journal={Wiley StatsRef: Statistics Reference Online},
  year={2014},
  publisher={Wiley Online Library}
}

@article{roederer2001frequency,
  title={Frequency difference gating: a multivariate method for identifying subsets that differ between samples},
  author={Roederer, Mario and Hardy, Richard R},
  journal={Cytometry: The Journal of the International Society for Analytical Cytology},
  volume={45},
  number={1},
  pages={56--64},
  year={2001},
  publisher={Wiley Online Library}
}

@article{robinson2004flow,
  title={Flow cytometry},
  author={Robinson, J Paul},
  journal={Encyclopedia of biomaterials and biomedical engineering},
  volume={3},
  pages={630--642},
  year={2004},
  publisher={Marcel Dekker, New York, NY, USA}
}

@article{adan2017flow,
  title={Flow cytometry: basic principles and applications},
  author={Adan, Aysun and Alizada, G{\"u}nel and Kiraz, Ya{\u{g}}mur and Baran, Yusuf and Nalbant, Ayten},
  journal={Critical reviews in biotechnology},
  volume={37},
  number={2},
  pages={163--176},
  year={2017},
  publisher={Taylor \& Francis}
}

@article{gong2019new,
  title={New advances in microfluidic flow cytometry},
  author={Gong, Yanli and Fan, Na and Yang, Xu and Peng, Bei and Jiang, Hai},
  journal={Electrophoresis},
  volume={40},
  number={8},
  pages={1212--1229},
  year={2019},
  publisher={Wiley Online Library}
}

@article{nebe2000analysis,
  title={Analysis of bacterial function by multi-colour fluorescence flow cytometry and single cell sorting},
  author={Nebe-von-Caron, G and Stephens, PJ and Hewitt, CJ and Powell, JR and Badley, RA},
  journal={Journal of microbiological methods},
  volume={42},
  number={1},
  pages={97--114},
  year={2000},
  publisher={Elsevier}
}

@article{steen2000flow,
  title={Flow cytometry of bacteria: glimpses from the past with a view to the future},
  author={Steen, Harald B},
  journal={Journal of microbiological methods},
  volume={42},
  number={1},
  pages={65--74},
  year={2000},
  publisher={Elsevier}
}

@article{don2003coulter,
  title={The Coulter principle: foundation of an industry},
  author={Don, Marshall},
  journal={JALA: Journal of the Association for Laboratory Automation},
  volume={8},
  number={6},
  pages={72--81},
  year={2003},
  publisher={SAGE Publications Sage CA: Los Angeles, CA}
}

@article{graham2013coulter,
  title={The Coulter principle: imaginary origins},
  author={Graham, Marshall Don},
  journal={Cytometry},
  volume={83},
  number={12},
  pages={1057},
  year={2013},
  publisher={Wiley-Blackwell}
}

@article{tratt2009dynamically,
  title={Dynamically typed languages},
  author={Tratt, Laurence},
  journal={Advances in Computers},
  volume={77},
  pages={149--184},
  year={2009},
  publisher={Elsevier}
}

@inproceedings{dyer2022exploratory,
  title={An exploratory study on the predominant programming paradigms in Python code},
  author={Dyer, Robert and Chauhan, Jigyasa},
  booktitle={Proceedings of the 30th ACM Joint European Software Engineering Conference and Symposium on the Foundations of Software Engineering},
  pages={684--695},
  year={2022}
}

@article{srinath2017python,
  title={Python--the fastest growing programming language},
  author={Srinath, KR},
  journal={International Research Journal of Engineering and Technology},
  volume={4},
  number={12},
  pages={354--357},
  year={2017}
}

@book{bassi2016python,
  title={Python for bioinformatics},
  author={Bassi, Sebastian},
  year={2016},
  publisher={Chapman and Hall/CRC}
}

@book{gentleman2008r,
  title={R programming for bioinformatics},
  author={Gentleman, Robert},
  year={2008},
  publisher={Chapman and Hall/CRC}
}

@article{giorgi2022r,
  title={The R Language: An Engine for Bioinformatics and Data Science},
  author={Giorgi, Federico M and Ceraolo, Carmine and Mercatelli, Daniele},
  journal={Life},
  volume={12},
  number={5},
  pages={648},
  year={2022},
  publisher={Multidisciplinary Digital Publishing Institute}
}

@article{campello2020density,
  title={Density-based clustering},
  author={Campello, Ricardo JGB and Kr{\"o}ger, Peer and Sander, J{\"o}rg and Zimek, Arthur},
  journal={Wiley Interdisciplinary Reviews: Data Mining and Knowledge Discovery},
  volume={10},
  number={2},
  pages={e1343},
  year={2020},
  publisher={Wiley Online Library}
}

@article{bocchieri2001subspace,
  title={Subspace distribution clustering hidden Markov model},
  author={Bocchieri, Enrico and Mak, BK-W},
  journal={IEEE transactions on Speech and Audio Processing},
  volume={9},
  number={3},
  pages={264--275},
  year={2001},
  publisher={IEEE}
}

@article{jimenez2019extensions,
  title={Extensions to the halo occupation distribution model for more accurate clustering predictions},
  author={Jim{\'e}nez, Esteban and Contreras, Sergio and Padilla, Nelson and Zehavi, Idit and Baugh, Carlton M and Gonzalez-Perez, Violeta},
  journal={Monthly Notices of the Royal Astronomical Society},
  volume={490},
  number={3},
  pages={3532--3544},
  year={2019},
  publisher={Oxford University Press}
}

@article{sun2014parallel,
  title={A parallel clustering method combined information bottleneck theory and centroid-based clustering},
  author={Sun, Zhanquan and Fox, Geoffrey and Gu, Weidong and Li, Zhao},
  journal={The Journal of Supercomputing},
  volume={69},
  number={1},
  pages={452--467},
  year={2014},
  publisher={Springer}
}

@article{morissette2013k,
  title={The k-means clustering technique: General considerations and implementation in Mathematica},
  author={Morissette, Laurence and Chartier, Sylvain},
  journal={Tutorials in Quantitative Methods for Psychology},
  volume={9},
  number={1},
  pages={15--24},
  year={2013},
  publisher={The Quantitative Methods for Psychology}
}

@article{fischer2003clustering,
  title={Clustering with the connectivity kernel},
  author={Fischer, Bernd and Roth, Volker and Buhmann, Joachim},
  journal={Advances in neural information processing systems},
  volume={16},
  year={2003}
}

@article{murtagh2017algorithms,
  title={Algorithms for hierarchical clustering: an overview, II},
  author={Murtagh, Fionn and Contreras, Pedro},
  journal={Wiley Interdisciplinary Reviews: Data Mining and Knowledge Discovery},
  volume={7},
  number={6},
  pages={e1219},
  year={2017},
  publisher={Wiley Online Library}
}

@article{hsu2007hierarchical,
  title={Hierarchical clustering of mixed data based on distance hierarchy},
  author={Hsu, Chung-Chian and Chen, Chin-Long and Su, Yu-Wei},
  journal={Information Sciences},
  volume={177},
  number={20},
  pages={4474--4492},
  year={2007},
  publisher={Elsevier}
}

@article{geng2011genetic,
  title={Genetic variation of Medicago sativa callus revealed by the ploidy analyser.},
  author={Geng, XiaoLi and Wei, ZhenWu and Yao, XiHong and others},
  journal={Acta Prataculturae Sinica},
  volume={20},
  number={3},
  pages={156--161},
  year={2011},
  publisher={Acta Prataculturae Sinica}
}

@inproceedings{jacob1998pollen,
  title={Pollen size and ploidy level in the genus Rosa},
  author={Jacob, Y and Pierret, V},
  booktitle={XIX International Symposium on Improvement of Ornamental Plants 508},
  pages={289--292},
  year={1998}
}

@article{zhang2003genetic,
  title={Genetic variation of citrus calli revealed by the ploidy analyser},
  author={Zhang, Jun-E and Liu, Ji-Hong and Deng, Xiu-Xin},
  journal={Yi Chuan xue bao= Acta Genetica Sinica},
  volume={30},
  number={2},
  pages={169--174},
  year={2003}
}

@article{rauber2021cerebrospinal,
  title={Cerebrospinal fluid flow cytometry distinguishes psychosis spectrum disorders from differential diagnoses},
  author={R{\"a}uber, Saskia and Heming, Michael and Repple, Jonathan and Ruland, Tillmann and Kuelby, Rebecca and Schulte-Mecklenbeck, Andreas and Gross, Catharina C and Arolt, Volker and Baune, Bernhard and Hahn, Tim and others},
  journal={Molecular psychiatry},
  volume={26},
  number={12},
  pages={7661--7670},
  year={2021},
  publisher={Nature Publishing Group}
}

@article{overton1988modified,
  title={Modified histogram subtraction technique for analysis of flow cytometry data},
  author={Overton, W Roy},
  journal={Cytometry: The Journal of the International Society for Analytical Cytology},
  volume={9},
  number={6},
  pages={619--626},
  year={1988},
  publisher={Wiley Online Library}
}

@article{young1977proof,
  title={Proof without prejudice: use of the Kolmogorov-Smirnov test for the analysis of histograms from flow systems and other sources.},
  author={Young, Ian T},
  journal={Journal of Histochemistry \& Cytochemistry},
  volume={25},
  number={7},
  pages={935--941},
  year={1977},
  publisher={SAGE Publications Sage CA: Los Angeles, CA}
}

@article{herzenberg2006interpreting,
  title={Interpreting flow cytometry data: a guide for the perplexed},
  author={Herzenberg, Leonore A and Tung, James and Moore, Wayne A and Herzenberg, Leonard A and Parks, David R},
  journal={Nature immunology},
  volume={7},
  number={7},
  pages={681--685},
  year={2006},
  publisher={Nature Publishing Group}
}

@article{le2007data,
  title={Data quality assessment of ungated flow cytometry data in high throughput experiments},
  author={Le Meur, Nolwenn and Rossini, Anthony and Gasparetto, Maura and Smith, Clay and Brinkman, Ryan R and Gentleman, Robert},
  journal={Cytometry Part A: The Journal of the International Society for Analytical Cytology},
  volume={71},
  number={6},
  pages={393--403},
  year={2007},
  publisher={Wiley Online Library}
}

@article{gratama1998flow,
  title={Flow cytometric quantitation of immunofluorescence intensity: problems and perspectives},
  author={Gratama, Jan W and D'hautcourt, Jean-Luc and Mandy, Frank and Rothe, Gregor and Barnett, David and Janossy, George and Papa, Stefano and Schmitz, Gerd and Lenkei, Rodica and European Working Group on Clinical Cell Analysis and others},
  journal={Cytometry},
  volume={33},
  number={2},
  pages={166--178},
  year={1998},
  publisher={Wiley Online Library}
}

@article{sachs2005causal,
  title={Causal protein-signaling networks derived from multiparameter single-cell data},
  author={Sachs, Karen and Perez, Omar and Pe'er, Dana and Lauffenburger, Douglas A and Nolan, Garry P},
  journal={Science},
  volume={308},
  number={5721},
  pages={523--529},
  year={2005},
  publisher={American Association for the Advancement of Science}
}

@article{perez2002simultaneous,
  title={Simultaneous measurement of multiple active kinase states using polychromatic flow cytometry},
  author={Perez, Omar D and Nolan, Garry P},
  journal={Nature biotechnology},
  volume={20},
  number={2},
  pages={155--162},
  year={2002},
  publisher={Nature Publishing Group}
}

@article{shapiro2018lasers,
  title={Lasers for flow cytometry: current and future trends},
  author={Shapiro, Howard M and Telford, William G},
  journal={Current protocols in cytometry},
  volume={83},
  number={1},
  pages={1--9},
  year={2018},
  publisher={Wiley Online Library}
}

@article{kamentsky1991microscope,
  title={Microscope-based multiparameter laser scanning cytometer yielding data comparable to flow cytometry data},
  author={Kamentsky, Louis A and Kamentsky, Lee D},
  journal={Cytometry: The Journal of the International Society for Analytical Cytology},
  volume={12},
  number={5},
  pages={381--387},
  year={1991},
  publisher={Wiley Online Library}
}

@article{ashcroft2000commercial,
  title={Commercial high speed machines open new opportunities in high throughput flow cytometry (HTFC)},
  author={Ashcroft, Robert G and Lopez, Peter A},
  journal={Journal of immunological methods},
  volume={243},
  number={1-2},
  pages={13--24},
  year={2000},
  publisher={Elsevier}
}

@article{de2016quantification,
  title={Quantification of mitochondrial reactive oxygen species in living cells by using multi-laser polychromatic flow cytometry},
  author={De Biasi, Sara and Gibellini, Lara and Bianchini, Elena and Nasi, Milena and Pinti, Marcello and Salvioli, Stefano and Cossarizza, Andrea},
  journal={Cytometry Part A},
  volume={89},
  number={12},
  pages={1106--1110},
  year={2016},
  publisher={Wiley Online Library}
}

@article{bigos1999nine,
  title={Nine color eleven parameter immunophenotyping using three laser flow cytometry},
  author={Bigos, Martin and Baumgarth, Nicole and Jager, Gina C and Herman, Ometa C and Nozaki, Thomas and Stovel, Richard T and Parks, David R and Herzenberg, Leonard A},
  journal={Cytometry: The Journal of the International Society for Analytical Cytology},
  volume={36},
  number={1},
  pages={36--45},
  year={1999},
  publisher={Wiley Online Library}
}

@article{picot2012flow,
  title={Flow cytometry: retrospective, fundamentals and recent instrumentation},
  author={Picot, Julien and Guerin, Coralie L and Le Van Kim, Caroline and Boulanger, Chantal M},
  journal={Cytotechnology},
  volume={64},
  number={2},
  pages={109--130},
  year={2012},
  publisher={Springer}
}

@article{wood20069,
  title={9-color and 10-color flow cytometry in the clinical laboratory},
  author={Wood, Brent},
  journal={Archives of pathology \& laboratory medicine},
  volume={130},
  number={5},
  pages={680--690},
  year={2006}
}

@article{sieger2017interactive,
  title={Interactive dendrograms: the R packages idendro and idendr0},
  author={Sieger, Tom{\'a}{\v{s}} and Hurley, Catherine B and Fi{\v{s}}er, Karel and Beleites, Claudia},
  journal={Journal of Statistical Software},
  volume={76},
  pages={1--22},
  year={2017}
}

@article{lo2008automated,
  title={Automated gating of flow cytometry data via robust model-based clustering},
  author={Lo, Kenneth and Brinkman, Ryan Remy and Gottardo, Raphael},
  journal={Cytometry Part A: the journal of the International Society for Analytical Cytology},
  volume={73},
  number={4},
  pages={321--332},
  year={2008},
  publisher={Wiley Online Library}
}

@article{rogers2008cytometric,
  title={Cytometric fingerprinting: quantitative characterization of multivariate distributions},
  author={Rogers, Wade T and Moser, Allan R and Holyst, Herbert A and Bantly, Andrew and Mohler III, Emile R and Scangas, George and Moore, Jonni S},
  journal={Cytometry Part A: the journal of the International Society for Analytical Cytology},
  volume={73},
  number={5},
  pages={430--441},
  year={2008},
  publisher={Wiley Online Library}
}

@article{wilkins2001comparison,
  title={Comparison of five clustering algorithms to classify phytoplankton from flow cytometry data},
  author={Wilkins, Malcolm F and Hardy, Sam A and Boddy, Lynne and Morris, Colin W},
  journal={Cytometry: The Journal of the International Society for Analytical Cytology},
  volume={44},
  number={3},
  pages={210--217},
  year={2001},
  publisher={Wiley Online Library}
}

@article{zeng2007feature,
  title={Feature-guided clustering of multi-dimensional flow cytometry datasets},
  author={Zeng, Qing T and Pratt, Juan Pablo and Pak, Jane and Ravnic, Dino and Huss, Harold and Mentzer, Steven J},
  journal={Journal of Biomedical Informatics},
  volume={40},
  number={3},
  pages={325--331},
  year={2007},
  publisher={Elsevier}
}

@article{finak2009merging,
  title={Merging mixture components for cell population identification in flow cytometry},
  author={Finak, Greg and Bashashati, Ali and Brinkman, Ryan and Gottardo, Rapha{\"e}l},
  journal={Advances in bioinformatics},
  volume={2009},
  year={2009},
  publisher={Hindawi}
}

@article{zhao2014advanced,
  title={Advanced heat map and clustering analysis using heatmap3},
  author={Zhao, Shilin and Guo, Yan and Sheng, Quanhu and Shyr, Yu},
  journal={BioMed research international},
  volume={2014},
  year={2014},
  publisher={Hindawi}
}

@article{ellyard2019non,
  title={Non-parametric heat map representation of flow cytometry data: Identifying cellular changes associated with genetic immunodeficiency disorders},
  author={Ellyard, Julia I and Tunningley, Robert and Lorenzo, Ayla May and Jiang, Simon H and Cook, Amelia and Chand, Rochna and Talaulikar, Dipti and Hatch, Ann-Maree and Wilson, Anastasia and Vinuesa, Carola G and others},
  journal={Frontiers in immunology},
  volume={10},
  pages={2134},
  year={2019},
  publisher={Frontiers Media SA}
}

@article{key2012tutorial,
  title={A tutorial in displaying mass spectrometry-based proteomic data using heat maps},
  author={Key, Melissa},
  journal={BMC bioinformatics},
  volume={13},
  number={16},
  pages={1--13},
  year={2012},
  publisher={BioMed Central}
}

@article{fivser2012detection,
  title={Detection and monitoring of normal and leukemic cell populations with hierarchical clustering of flow cytometry data},
  author={Fi{\v{s}}er, Karel and Sieger, Tom{\'a}{\v{s}} and Schumich, Angela and Wood, Brent and Irving, Julie and Mejst{\v{r}}{\'\i}kov{\'a}, Ester and Dworzak, Michael N},
  journal={Cytometry Part A},
  volume={81},
  number={1},
  pages={25--34},
  year={2012},
  publisher={Wiley Online Library}
}

@article{zamir2005resolving,
  title={Resolving and classifying haematopoietic bone-marrow cell populations by multi-dimensional analysis of flow-cytometry data},
  author={Zamir, Eli and Geiger, Benjamin and Cohen, Nir and Kam, Zvi and Katz, Ben-Zion},
  journal={British journal of haematology},
  volume={129},
  number={3},
  pages={420--431},
  year={2005},
  publisher={Wiley Online Library}
}

@article{nolan2015flow,
  title={Flow cytometry of extracellular vesicles: potential, pitfalls, and prospects},
  author={Nolan, John P},
  journal={Current protocols in cytometry},
  volume={73},
  number={1},
  pages={13--14},
  year={2015},
  publisher={Wiley Online Library}
}

@article{schmitz2021bimolecular,
  title={A bimolecular fluorescence complementation flow cytometry screen for membrane protein interactions},
  author={Schmitz, Florian and Glas, Jessica and Neutze, Richard and Hedfalk, Kristina},
  journal={Scientific Reports},
  volume={11},
  number={1},
  pages={1--9},
  year={2021},
  publisher={Nature Publishing Group}
}

@article{kalina2020relevance,
  title={Relevance of antibody validation for flow cytometry},
  author={Kalina, Tomas and Lundsten, Kelly and Engel, Pablo},
  journal={Cytometry Part A},
  volume={97},
  number={2},
  pages={126--136},
  year={2020},
  publisher={Wiley Online Library}
}

@article{hall1996use,
  title={The use of monoclonal antibodies and flow cytometry in the diagnosis of paroxysmal nocturnal hemoglobinuria},
  author={Hall, Sharon E and Rosse, Wendell F},
  year={1996}
}

@article{pirone2021three,
  title={Three-dimensional quantitative intracellular visualization of graphene oxide nanoparticles by tomographic flow cytometry},
  author={Pirone, Daniele and Mugnano, Martina and Memmolo, Pasquale and Merola, Francesco and Lama, Giuseppe Cesare and Castaldo, Rachele and Miccio, Lisa and Bianco, Vittorio and Grilli, Simonetta and Ferraro, Pietro},
  journal={Nano Letters},
  volume={21},
  number={14},
  pages={5958--5966},
  year={2021},
  publisher={ACS Publications}
}

@article{wronska2022intracellular,
  title={Intracellular cytokine detection based on flow cytometry in hemocytes from Galleria mellonella larvae: A new protocol},
  author={Wro{\'n}ska, Anna Katarzyna and Kaczmarek, Agata and Sobich, Justyna and Grzelak, Sylwia and Bogu{\'s}, Mieczys{\l}awa Irena},
  journal={PloS one},
  volume={17},
  number={9},
  pages={e0274120},
  year={2022},
  publisher={Public Library of Science San Francisco, CA USA}
}

@article{black2011cell,
  title={Cell-based screening using high-throughput flow cytometry},
  author={Black, Christopher B and Duensing, Thomas D and Trinkle, Linda S and Dunlay, R Terry},
  journal={Assay and drug development technologies},
  volume={9},
  number={1},
  pages={13--20},
  year={2011},
  publisher={Mary Ann Liebert, Inc. 140 Huguenot Street, 3rd Floor New Rochelle, NY 10801 USA}
}

@article{nolan1998emergence,
  title={The emergence of flow cytometry for sensitive, real-time measurements of molecular interactions},
  author={Nolan, John P and Sklar, Larry A},
  journal={Nature biotechnology},
  volume={16},
  number={7},
  pages={633--638},
  year={1998},
  publisher={Nature Publishing Group}
}

@article{wilkerson2012principles,
  title={Principles and applications of flow cytometry and cell sorting in companion animal medicine},
  author={Wilkerson, Melinda J},
  journal={Veterinary Clinics: Small Animal Practice},
  volume={42},
  number={1},
  pages={53--71},
  year={2012},
  publisher={Elsevier}
}



@comment{jabref-meta: selector_publisher:}

@comment{jabref-meta: selector_author:}

@comment{jabref-meta: selector_journal:}

@comment{jabref-meta: selector_keywords:}

